<record><leader>00000cas a22000007a 4500</leader><controlfield tag="001">17570674</controlfield><controlfield tag="008">880303d18821882nyudn ne      0    0eng d</controlfield><datafield ind1=" " ind2=" " tag="010"><subfield code="a">sn 88074137 </subfield></datafield><datafield ind1=" " ind2=" " tag="040"><subfield code="a">NYS</subfield><subfield code="b">eng</subfield><subfield code="c">NYS</subfield><subfield code="d">NYG</subfield><subfield code="d">NYS</subfield><subfield code="d">OCLCQ</subfield></datafield><datafield ind1=" " ind2=" " tag="042"><subfield code="a">msc</subfield></datafield><datafield ind1="0" ind2="4" tag="245"><subfield code="a">The Rochester post-express.</subfield></datafield><datafield ind1="3" ind2="0" tag="246"><subfield code="a">Post-express</subfield></datafield><datafield ind1=" " ind2=" " tag="260"><subfield code="a">Rochester, N.Y. :</subfield><subfield code="b">Post-Express Print. Co.,</subfield><subfield code="c">1882-1882.</subfield></datafield><datafield ind1=" " ind2=" " tag="300"><subfield code="a">v.</subfield></datafield><datafield ind1=" " ind2=" " tag="310"><subfield code="a">Daily (except Sunday)</subfield></datafield><datafield ind1="0" ind2=" " tag="362"><subfield code="a">Vol. 24, no. 105 (May 4, 1882)-May 22, l882.</subfield></datafield><datafield ind1=" " ind2="4" tag="651"><subfield code="a">Rochester (N.Y.)</subfield><subfield code="v">Newspapers.</subfield></datafield><datafield ind1=" " ind2=" " tag="752"><subfield code="a">United States</subfield><subfield code="b">New York</subfield><subfield code="c">Monroe</subfield><subfield code="d">Rochester.</subfield></datafield><datafield ind1="0" ind2="0" tag="780"><subfield code="t">Rochester evening express</subfield><subfield code="w">(DLC)sn 85054400</subfield></datafield><datafield ind1="0" ind2="0" tag="785"><subfield code="t">Post express (Rochester, N.Y. : 1882)</subfield><subfield code="w">(DLC)sn 84031519</subfield></datafield><datafield ind1="1" ind2=" " tag="029"><subfield code="a">AU@</subfield><subfield code="b">000025830605</subfield></datafield></record>